%%%%%%%%%%%%%%%%%%%%%%%%%%%%%% RAFFINEMENT %%%%%%%%%%%%%%%%%%%%%%%%%%%%%%


@article{cegar00,
 author = {Clarke, E. and Grumberg, O. and Jha, S. and Lu, Y. and Veith, H.},
 title = {Counterexample-guided abstraction refinement for symbolic model checking},
 journal = {J. ACM},
 volume = {50},
 number = {5},
 year = {2003},
 issn = {0004-5411},
 pages = {752--794},
 doi = {http://doi.acm.org/10.1145/876638.876643},
 publisher = {ACM},
 address = {New York, NY, USA},
 }

@article{artmc06,
 author = {Bouajjani, A. and Habermehl, P. and Rogalewicz, A. and Vojnar, T.},
 title = {Abstract Regular Tree Model Checking},
 journal = {Electron. Notes Theor. Comput. Sci.},
 volume = {149},
 number = {1},
 year = {2006},
 issn = {1571-0661},
 pages = {37--48},
 doi = {http://dx.doi.org/10.1016/j.entcs.2005.11.015},
 publisher = {Elsevier Science Publishers B. V.},
 address = {Amsterdam, The Netherlands, The Netherlands},
 }

@inproceedings{fib:arra08,
 author = {Boichut, Y. and Courbis, R. and H\'{e}am, P.C. and Kouchnarenko, O.},
 title = {Finer Is Better: Abstraction Refinement for Rewriting Approximations},
 booktitle = {RTA '08: Proceedings of the 19th international conference on Rewriting Techniques and Applications},
 year = 2008,
 isbn = {978-3-540-70588-8},
 pages = {48--62},
 location = {Hagenburg, Austria},
 doi = {http://dx.doi.org/10.1007/978-3-540-70590-1_4},
 publisher = {Springer-Verlag},
 address = {Berlin, Heidelberg},
 }

%%%%%%%%%%%%%%%%%%%%%%%%%%%%%% AUTOMATES D'ARBRES %%%%%%%%%%%%%%%%%%%%%%%%%%%%%%

@Misc{tata07,
  author = {Comon, H. and Dauchet, M. and R. Gilleron, M. and L\"oding, C.
and Jacquemard, F. and Lugiez, D. and Tison, S. and Tommasi, M.},
  title = {Tree Automata Techniques and Applications},
  howpublished = {Available on: \url{http://www.grappa.univ-lille3.fr/tata}},
  note = {release October, 12th 2007},
  year = 2007
}

@inproceedings{taged08,
 author = {Filiot, E. and Talbot, J.M. and Tison, S.},
 title = {Tree Automata with Global Constraints},
 booktitle = {DLT '08: Proceedings of the 12th international conference on Developments in Language Theory},
 year = 2008,
 isbn = {978-3-540-85779-2},
 pages = {314--326},
 location = {Kyoto, Japan},
 doi = {http://dx.doi.org/10.1007/978-3-540-85780-8_25},
 publisher = {Springer-Verlag},
 address = {Berlin, Heidelberg},
 }
