%% This BibTeX bibliography file was created using BibDesk.
%% http://bibdesk.sourceforge.net/


%% Created for Benoît Boyer at 2010-10-25 20:49:10 +0200 


%% Saved with string encoding Unicode (UTF-8) 



@inproceedings{DBLP:conf/pstv/GerthPVW95,
	Author = {Rob Gerth and Doron Peled and Moshe Y. Vardi and Pierre Wolper},
	Bibsource = {DBLP, http://dblp.uni-trier.de},
	Booktitle = {PSTV},
	Crossref = {DBLP:conf/pstv/1995},
	Pages = {3-18},
	Title = {Simple on-the-fly automatic verification of linear temporal logic},
	Year = {1995}}

@proceedings{DBLP:conf/pstv/1995,
	Bibsource = {DBLP, http://dblp.uni-trier.de},
	Booktitle = {PSTV},
	Editor = {Piotr Dembinski and Marek Sredniawa},
	Isbn = {0-412-71620-8},
	Publisher = {Chapman {\&} Hall},
	Series = {IFIP Conference Proceedings},
	Title = {Protocol Specification, Testing and Verification XV, Proceedings of the Fifteenth IFIP WG6.1 International Symposium on Protocol Specification, Testing and Verification, Warsaw, Poland, June 1995},
	Volume = {38},
	Year = {1996}}


@misc{FRAMAC,
        Key = {Frama-C},
	Howpublished = {Inria Cea},
	Title = {Frama-{C} homepage},
	NOTE = {\url{http://frama-c.com/}},
}


@inproceedings{Buchi,
	Author = {J.R. B{\"u}chi},
	Booktitle = {International Congress on Logic, Methodoly and philosophy of Science},
	Date-Added = {2010-10-25 20:25:10 +0200},
	Date-Modified = {2010-10-25 20:28:06 +0200},
	Pages = {1-11},
	Publisher = {Stanford University Press},
	Title = {On a decision method in restricted second order arithmetic},
	Year = {1960}}

@techreport{HUET-78,
	Author = {Huet, G{\'e}rard Lankford, Dallas},
	Date-Added = {2010-10-25 20:07:25 +0200},
	Date-Modified = {2010-10-25 20:08:58 +0200},
	Institution = {IRIA},
	Month = {Mars},
	Title = {On the Uniform Halting Problem for Term Rewriting Systems},
	Year = {1978}}

@inproceedings{DBLP:conf/cav/BouajjaniHV04,
	Author = {Ahmed Bouajjani and Peter Habermehl and Tom{\'a}s Vojnar},
	Bibsource = {DBLP, http://dblp.uni-trier.de},
	Booktitle = {CAV},
	Crossref = {DBLP:conf/cav/2004},
	Ee = {http://springerlink.metapress.com/openurl.asp?genre=article{\&}issn=0302-9743{\&}volume=3114{\&}spage=372},
	Pages = {372-386},
	Title = {Abstract Regular Model Checking},
	Year = {2004}}

@proceedings{DBLP:conf/cav/2004,
	Bibsource = {DBLP, http://dblp.uni-trier.de},
	Booktitle = {CAV},
	Editor = {Rajeev Alur and Doron Peled},
	Isbn = {3-540-22342-8},
	Publisher = {Springer},
	Series = {Lecture Notes in Computer Science},
	Title = {Computer Aided Verification, 16th International Conference, CAV 2004, Boston, MA, USA, July 13-17, 2004, Proceedings},
	Volume = {3114},
	Year = {2004}}

@inproceedings{DBLP:conf/time/Clarke03,
	Author = {Edmund M. Clarke},
	Booktitle = {TIME},
	Pages = {7},
	Publisher = {IEEE {C}omputer {S}ociety},
	Title = {Counterexample-{G}uided {A}bstraction {R}efinement},
	Year = {2003}}

@misc{coq-stdlib,
        Key = {Coq-Stdlib},
	howpublished = {Inria},
	Title = {The {C}oq {S}tandard {L}ibrary},
	note = {\url{http://www.lix.polytechnique.fr/coq/stdlib/}}
}

@misc{TA-isabelle2010,
	Author = {Peter Lammich},
	Title = {{T}ree {A}utomata in {I}sabelle},
	note = {\url{http://afp.sourceforge.net/entries/Tree-Automata.shtml}}
}
@misc{RAVAJ,
        Key = {RAVAJ},
	Title = {Rewriting and Approximations for Java Applications Verification},
	Note = {http://www.irisa.fr/celtique/genet/RAVAJ/}
}


@misc{KEY,
        Key = {KeY},
	Title = {The {K}e{Y} project},
	note = {\url{http://www.key-project.org}}
}

@misc{Agda,
        Key = {Agda},
	howpublished = {Chalmers {U}niversity of {T}echnology},
	Title = {Agda},
	note= {\url{http://unit.aist.go.jp/cvs/Agda/}}
}

@misc{Isa,
        Key = {Isabelle},
	Title = {The proof assistant Isabelle},
	note = {http://www.cl.cam.ac.uk/research/hvg/Isabelle/}}

@misc{Coq,
        Key = {Coq},
	howpublished = {Inria},
	Title = {The Coq Proof Assistant},
	note = {\url{http://coq.inria.fr/}}
}

@book{MC-Book,
	Author = {Edmund M. Clarke, Orna Grumberg and Doron A. Peled},
	Date-Added = {2010-10-25 18:45:13 +0200},
	Date-Modified = {2010-10-25 18:47:48 +0200},
	Publisher = {MIT Press},
	Title = {Model Checking},
	Year = {2000}}

@misc{ASTERIX,
	Author = {René Goscinny and Albert Uderzo},
	Title = {Le {B}ouclier arverne},
	Year = 1968,
        Publisher = {Dargaud}
}

@misc{DOWEK-LANG,
	Author = {Gilles Dowek},
	Month = {juin},
	Title = {Le langage math{\'e}matique et les langages de programmation},
	Year = {1997}}
