@inproceedings{BouajjaniHRV-SAS06,
  author    = {Bouajjani, A. and
               Habermehl, P. and
               Rogalewicz, A. and Vojnar, T.},
  title     = {{A}bstract {R}egular {T}ree {M}odel {C}hecking of {C}omplex 
               {D}ynamic {D}ata {S}tructures.},
  booktitle = {SAS'06},
  year      = {2006},
  series    = LNCS, 
  volume    = 4134,
  pages     = {52-70}
}


@inproceedings{BouajjaniHRV-Infinity06,
  author    = {Bouajjani, A. and
               Habermehl, P. and
               Rogalewicz, A. and Vojnar, T.},
  title     = {{A}bstract {R}egular {T}ree {M}odel {C}hecking.},
  booktitle = {Infinity'05},
  year      = {2006},
  series    = ENTCS, 
  volume    = {149(1)},
  pages     = {37-48}
}


@inproceedings{BouajjaniT-RTA05,
  author    = {Bouajjani, A. and
               Touili, T.},
  title     = {On Computing Reachability Sets of Process Rewrite Systems.},
  booktitle = {RTA},
  year      = {2005},
  series    = LNCS, 
  volume    = 3467,
  pages     = {484-499}
}
