@inproceedings{TAGED,
 author = {Filiot, Emmanuel and Talbot, Jean-Marc and Tison, Sophie},
 title = {Tree Automata with Global Constraints},
 booktitle = {DLT '08: Proceedings of the 12th international conference on Developments in Language Theory},
 year = {2008},
 isbn = {978-3-540-85779-2},
 pages = {314--326},
 location = {Kyoto, Japan},
 doi = {http://dx.doi.org/10.1007/978-3-540-85780-8_25},
 publisher = {Springer-Verlag},
 address = {Berlin, Heidelberg},
 }

@INPROCEEDINGS{Takai-RTA04, 
	AUTHOR = "Takai, T.",
	TITLE = "{A} {V}erification {T}echnique {U}sing {T}erm {R}ewriting {S}ystems and {A}bstract {I}nterpretation",
        SERIES= LNCS, 
        PUBLISHER= {Springer},
        YEAR = {2004},
        VOLUME = {3091},
        PAGES = {119-133},
        BOOKTITLE = {Proc.\ 15th RTA Conf., Aachen (Germany)}
}

@INPROCEEDINGS{Meseguer-CADE03,
	AUTHOR = "Meseguer, J. and Palomino, M. and Mart√≠-Oliet, N.",
	TITLE = "{E}quational {A}bstractions",
        SERIES= LNCS, 
        PUBLISHER= {Springer},
        YEAR = {2003},
        VOLUME = {2741},
        PAGES = {2-16},
        BOOKTITLE = {Proc.\ 19th CADE Conf., Miami Beach (Fl., USA)}
}


@ARTICLE{FeuilladeGVTT-JAR04,
	AUTHOR = "Feuillade, G. and Genet, T. and Viet Triem Tong, V.",
	TITLE = "{R}eachability {A}nalysis over {T}erm {R}ewriting {S}ystems",
        JOURNAL= {Journal of Automated Reasonning}, 
        YEAR = {2004},
        VOLUME = {33 (3-4)},
        PAGES = {341-383},
        URL = {http://www.irisa.fr/lande/genet/publications.html}}


@INPROCEEDINGS{TakaiKS-RTA00,
	AUTHOR = {Takai, T. and Kaji, Y. and Seki, H.},
	TITLE = {{R}ight-linear finite-path overlapping term rewriting systems 
                 effectively preserve recognizability},
        BOOKTITLE = rta11,
        PUBLISHER = sv,
	SERIES = lncs,
        YEAR = {2000},
	VOLUME = {1833}
}

@INPROCEEDINGS{SekiTFK-RTA02,
	AUTHOR = {Seki, H. and Takai, T. and Fujinaka, Y. and Kaji, Y.},
	TITLE = {{L}ayered transducing term rewriting system and its 
                  recognizability preserving property},
        BOOKTITLE = rta13,
        PUBLISHER = sv,
	SERIES = lncs,
        YEAR = {2002},
	VOLUME = {2378}
}


@ARTICLE{GyenizseV-TCS98,
	AUTHOR = {Gyenizse, P. and V\'agv\"olgyi, S.},
	TITLE = "{L}inear {G}eneralized {S}emi-{M}onadic {R}ewrite {S}ystems 
                 {E}ffectively {P}reserve {R}ecognizability",
        JOURNAL= tcs, 
        YEAR = {1998},
        VOLUME = {194(1-2)},
        PAGES= {87-122}
}

