%-------------------------------------------------------------------
% Les institutions

@STRING{cnet    = "CNET"}
@STRING{crin 	= "CRIN"}
@STRING{CrinInria = "CRIN \& INRIA Lorraine"}
@STRING{InriaCrin = "INRIA Lorraine \& CRIN"}
@STRING{lri 	= "LRI"}
@STRING{inpl	= "INPL"}
@STRING{nancy1	= "{U}niv.\ {N}ancy~I"}
@STRING{nancyUHP = "{U}niversit{\'e} {H}enri {P}oincar{\'e} - {N}ancy~1"}
@STRING{inria   = "INRIA"}
@STRING{inriarocq = "INRIA Unit{\'e} de recherche de Rocquencourt"}
@STRING{dfki	= "DFKI"}
@STRING{ams	= "AMS"}
@STRING{digital	= "{D}igital {S}ystems {R}esearch {C}enter"}
@STRING{mpi	= "MPI {I}nformatik"}
@STRING{litp	= "LITP"}
@string{lifo    = "LIFO"}
@string{ECRC    = "ECRC"}

%--------------------------------------------------------------------
% adresses

@STRING{van = {{V}an\-d{\oe}u\-vre-l\`es-{N}an\-cy}}
@STRING{rocq 	= "BP 105, 78153 LE CHESNAY CEDEX"}
@STRING{MUNICH	= "Munich (Germany)"}

%--------------------------------------------------------------------
% utilitaires

@STRING{ri	= "{R}ap.\ interne"}
@STRING{ir	= "{I}nternal rep."}
@STRING{tr	= "{T}echnical rep."}
@STRING{rt	= "{R}ap.\ technique"}
@STRING{dea	= "{R}ap.\ de {DEA}"}
@STRING{these3	= "{T}h.\ $3^e$ cycle"}
@STRING{theseS	= "{T}h.\ sp\'ecialit\'e"}
@STRING{theseU	= "{T}h.\ univ."}
@STRING{theseE	= "{T}h.\ {E}tat"}
@STRING{FtpProtheo = "file://ftp.loria.fr/pub/loria/protheo/"}

%--------------------------------------------------------------------
% Les editeurs
@STRING{sv 	= "Springer-Verlag"}
@STRING{ieeecs 	= "IEEE CS Press"}
@STRING{esp	= "Elsevier Science Publishers B. V. (North-Holland)"}
@STRING{acm 	= "ACM"}
@STRING{puf 	= "Presses Universitaires de France"}
@STRING{AP 	= "Academic Press inc."}
@STRING{prentice = "Prentice-Hall"}
@STRING{kluwer	= "Kluwer Academic Publishers" }
@STRING{wiley	= "John Wiley \& Sons"}
@STRING{mitpress= "The MIT press"}
@STRING{aw      = "Addison-Wesley Publishing Company"}
@STRING{cup	= "Cambridge University Press"}

%-------------------------------------------------------------------
% Les revues et series

@STRING{aaecc	= "Applicable Algebra in Engineering, Communication 
		   and Computation"}
@STRING{acmcs 	= ACM # " Computing Surveys"}
@STRING{actai	= "Acta Informatica"}
@STRING{ai 	= "Acta Informatica"}
@STRING{apal 	= "Annals of Pure and Applied Logic"}
@STRING{beatcs 	= "Bulletin of European Association for Theoretical Computer Science"}
@STRING{cacm 	= "CACM"}
@STRING{cj	= "Computer Journal"}
@STRING{crasp	= "Compte-rendus de l'Acad\'emie des Sciences de Paris"}
@STRING{cs 	= "Computing Surveys"}
@STRING{faoc	= "Formal Aspects of Computing"}
@STRING{fgcs 	= "Future Generation Computer Systems"}
@STRING{fi 	= "Fundamenta Informaticae"}
@STRING{if	= "Information and Computation"}
@STRING{infc 	= "Information and Control"}
@STRING{ipl  	= "IPL"}
@STRING{jacm 	= "JACM"}
@STRING{jar 	= "JAR"}
@STRING{jcss 	= "J. of Computer and System Sciences"}
@STRING{jlc	= "JLC"}
@STRING{jlp 	= "JLP"}
@STRING{jsc  	= "JSC"}
@STRING{jsl  	= "The J. of Symbolic Logic"}
@STRING{jfp	= "J. of Functional Programming"}
@STRING{lnai 	= "LNAI"}
@STRING{lncs 	= "LNCS"}
@STRING{entcs 	= "ENTCS"}
@STRING{ma	= "Mathematische Annalen"}
@STRING{mi 	= "Machine Intelligence"}
@STRING{mst	= "Mathematical Systems Theory"}
@STRING{ngc 	= "New Generation Computing"}
@STRING{pams	= "Proc.\ of the {AMS}"}
@STRING{rairo	= "{RAIRO} {I}nformatique {T}h\'eorique et applications"}
@STRING{ria	= "Revue d'Intelligence Artificielle"}
@STRING{scp  	= "Science of Computer Programming"}
@STRING{siam 	= "SIAM J. of Computing"}
@STRING{tcs 	= "TCS"}
@STRING{toplas	= ACM # " Transactions on Programming Languages and Systems"}
@STRING{tsi	= "Techniques et Sciences Informatiques"}
@STRING{ijfcs   = "International J. of Foundations of Computer Sciences"}

%---------------------------------------------------------------------
% Les conferences
@STRING{sas6    = "Proc.\ 6th SAS, Venezia (Italy)"}
@STRING{aismc1	= "Proc.\ 1st Int.\ Conf.\ on 
		   Artificial Intelligence and Symbolic Mathematical 
		   Computation, Karlsruhe (Germany)"}

@STRING{alp1	= "Proc.\ 1st ALP Workshop"}
@STRING{alp2	= "Proc.\ 2nd ALP Conf., Nancy (France)"}
@STRING{alp3	= "Proc.\ 3rd ALP Conf., Volterra (Italy)"}
@STRING{alp4	= "Proc.\ 4th ALP Conf., Madrid (Spain)"}

@STRING{caap19	= "Proc.\ 19th CAAP Conf., Edinburgh (U.K.)"}
@STRING{caap21	= "Proc.\ 21st CAAP Conf., Linl{\"o}ping (Sweden)"}	
@STRING{caap22	= "Proc.\ 22nd CAAP Conf., Lille (France)"}
		  
@STRING{ccl1	= "Proc.\ 1st CCL Workshop, Le Val d'Ajol (France)"}
@STRING{ccl2	= "Proc.\ 2nd CCL Workshop, La Escala (Spain)"}
@STRING{ccl3	= "Proc.\ 1st CCL Conf., Munich (Germany)"}

@STRING{ctrs1	= "Proc.\ 1st CTRS Workshop, Orsay (France)"}
@STRING{ctrs2	= "Proc.\ 2nd CTRS Workshop, Montreal (Canada)"}
@STRING{ctrs3	= "Proc.\ 3rd CTRS Workshop, Pont-{\`a}-Mousson (France)"}
@STRING{ctrs4	= "Proc.\ 4th CTRS Workshop, Jerusalem (Israel)"}

@STRING{cade4	= "Proc.\ 4th CADE Workshop, Austin (Tex., USA)"}
@STRING{cade5	= "Proc.\ 5th CADE Conf., Les Arcs (France)"}
@STRING{cade6	= "Proc.\ 6th CADE Conf., New York (N.Y., USA)"}
@STRING{cade7	= "Proc.\ 7th CADE Conf., Napa Valley (Calif., USA)"}
@STRING{cade8	= "Proc.\ 8th CADE Conf., Oxford (UK)"}
@STRING{cade9	= "Proc.\ 9th CADE Conf., Argonne (Ill., USA)"}
@STRING{cade10	= "Proc.\ 10th CADE Conf., Kaiserslautern (Germany)"}
@STRING{cade11	= "Proc.\ 11th CADE Conf., Saratoga Springs (N.Y., USA)"}
@STRING{cade12	= "Proc.\ 12th CADE Conf., Nancy (France)"}
@STRING{cade13	= "Proc.\ 13th CADE Conf., New Brunswick NY (USA)"}
@STRING{cade16	= "Proc.\ 16th CADE Conf., Trento, (Italy)"}
@STRING{cade17	= "Proc.\ 17th CADE Conf., Pittsburgh (Pen., USA)"}


@STRING{cav9	= "Proc.\ 9th CAV Conf., Haifa (Israel)"}

@STRING{epia6	= "Proc.\ 6th EPIA Conf., Porto (Portugal)"}

@STRING{fplca2	= "Proc.\ 2nd FPLCA Conf., Nancy (France)"}
@STRING{fplca3	= "Proc.\ 3rd FPLCA Conf., Portland (Or., USA)"}

@STRING{icalp18	= "Proc.\ 18th ICALP Conf., Madrid (Spain)"}
@STRING{icalp19	= "Proc.\ 19th ICALP Conf., Wien (Austria)"}
@STRING{icalp20	= "Proc.\ 20th ICALP Conf., Lund (Sweden)"}
@STRING{icalp21	= "Proc.\ 21st ICALP Conf., Jerusalem (Israel)"}

@STRING{ijcai13	= "Proc.\ 13th IJCAI Conf., Chamb\'ery (France)"}

@STRING{csf10	= "Proc.\ 10th CSF Work., Rockport (Mass., USA)"} 

@STRING{lics1	= "Proc.\ 1st LICS Symp., Cambridge (Mass., USA)"}
@STRING{lics2	= "Proc.\ 2nd LICS Symp., Ithaca (N.Y., USA)"}
@STRING{lics3	= "Proc.\ 3rd LICS Symp., Edinburgh (UK)"}
@STRING{lics4	= "Proc.\ 4th LICS Symp., Pacific Grove"}
@STRING{lics5	= "Proc.\ 5th LICS Symp., Philadelphia (Pa., USA)"}
@STRING{lics7	= "Proc.\ 7th LICS Symp., Santa Cruz (Ca., USA)"}
@STRING{lics8	= "Proc.\ 8th LICS Symp., Montr\'eal (Qu\'ebec, Canada)"}
@STRING{lics9	= "Proc.\ 9th LICS Symp., Paris (France)"}
@STRING{lics10	= "Proc.\ 10th LICS Symp., San Diego (Ca., USA)"}
@STRING{lics11	= "Proc.\ 11th LICS Symp., New Brunswick"}

@STRING{lpar1	= "Proc.\ 1st LPAR Conf., St. Petersburg (Russia)"}
@STRING{lpar6	= "Proc.\ 6th LPAR Conf., Tbilisi (Georgia)"}
@STRING{lpar8	= "Proc.\ 8th LPAR Conf., Havana (Cuba)"}

@STRING{mfcs1	= "Proc.\ 1st MFCS Symp."}
@STRING{mfcs9	= "Proc.\ 9th MFCS Symp."}
@STRING{mfcs16	= "Proc.\ 16th MFCS Symp., Kazimierz Dolny (Poland)"}
@STRING{mfcs20	= "Proc.\ 20th MFCS Symp., Prague (Czech Republic)"}
	
@STRING{popl14	= "Proc.\ 14th POPL Symp., Munich (Germany)"}
@STRING{popl17  = "Proc.\ 17th POPL Symp., Orlando (Fla., USA)"}
@STRING{popl19  = "Proc.\ 19th POPL Symp., San Francisco (Ca., USA)"}
@STRING{popl21	= "Proc.\ 21st POPL Symp., Portland (Or., USA)"}

@STRING{ppcp93	= "Proc.\ 1st PPCP Workshop, Providence (R.I., USA)"}
@STRING{cp95	= "Proc.\ 1st CP Conf., Cassis (France)"}

@STRING{esorics4 = "Proc.\ 4th ESORICS Symp., Rome (Italy)"}
@STRING{tacas2 = "Proc.\ 2nd TACAS Conf., Passau (Germany)"}
@STRING{rta1	= "Proc.\ 1st RTA Conf., Dijon (France)"}
@STRING{rta2	= "Proc.\ 2nd RTA Conf., Bordeaux (France)"}
@STRING{rta3	= "Proc.\ 3rd RTA Conf., Chapel Hill (N.C., USA)"}
@STRING{rta4	= "Proc.\ 4th RTA Conf., Como (Italy)"}
@STRING{rta5	= "Proc.\ 5th RTA Conf., Montreal (Canada)"}
@STRING{rta6	= "Proc.\ 6th RTA Conf., Kaiserslautern (Germany)"}
@STRING{rta7	= "Proc.\ 7th RTA Conf., New Brunswick (New Jersey, USA)"}
@STRING{rta8    = "Proc.\ 8th RTA Conf., Sitges (Spain)"}
@STRING{rta9    = "RTA"}
@STRING{rta11    = "Proc.\ 11th RTA Conf., Norwich (UK)"}
@STRING{rta13    = "Proc.\ 13th RTA Conf., Copenhagen (Denmark)"}
		  
@STRING{stacs11 = "Proc.\ 11th STACS Symp., Caen (France)"}

@STRING{unif1	= "Proc.\  1st UNIF Workshop, Val d'Ajol (France)"}
@STRING{unif2	= "Proc.\  2nd UNIF Workshop, Val d'Ajol (France)"}
@STRING{unif3	= "Proc.\  3rd UNIF Workshop, Lambrecht (Germany)"}
@STRING{unif4	= "Proc.\  4th UNIF Workshop, Leeds (UK)"}
@STRING{unif5	= "Proc.\  5th UNIF Workshop, Barbizon (France)"}
@STRING{unif6	= "Proc.\  6th UNIF Workshop, Dagstuhl (Germany)"}
@STRING{unif7	= "Proc.\  7th UNIF Workshop, Boston (Ma., USA)"}
@STRING{unif8	= "Proc.\  8th UNIF Workshop, Val d'Ajol (France)"}
@STRING{unif9	= "Proc.\  9th UNIF Workshop, Stiges (Spain)"}
@STRING{unif10	= "Proc.\  10th UNIF Workshop, Munich (Germany)"}


