@inproceedings{DBLP:conf/time/Clarke03,
  author    = {Edmund M. Clarke},
  title     = {Counterexample-Guided Abstraction Refinement},
  booktitle = {TIME},
  year      = {2003},
 publisher = {IEEE Computer Society},
  pages     = {7}
}
